@article{barnesHierarchicalLogForcecalculation1986,
  title = {A Hierarchical {{O}}({{N}} Log {{N}}) Force-Calculation Algorithm},
  author = {Barnes, Josh and Hut, Piet},
  year = {1986},
  month = dec,
  journal = {Nature},
  volume = {324},
  number = {6096},
  pages = {446--449},
  publisher = {Nature Publishing Group},
  issn = {1476-4687},
  doi = {10.1038/324446a0},
  urldate = {2024-07-19},
  copyright = {1986 Springer Nature Limited},
  langid = {english},
  keywords = {Humanities and Social Sciences,multidisciplinary,Science},
  file = {C:\Users\hirok\Zotero\storage\DUAN9RQA\Barnes and Hut - 1986 - A hierarchical O(N log N) force-calculation algori.pdf}
}

@incollection{boisvertMatrixMarketWeb1997,
  title = {Matrix {{Market}}: A Web Resource for Test Matrix Collections},
  shorttitle = {Matrix {{Market}}},
  booktitle = {Quality of {{Numerical Software}}: {{Assessment}} and Enhancement},
  author = {Boisvert, Ronald F. and Pozo, Roldan and Remington, Karin and Barrett, Richard F. and Dongarra, Jack J.},
  editor = {Boisvert, Ronald F.},
  year = {1997},
  pages = {125--137},
  publisher = {Springer US},
  address = {Boston, MA},
  doi = {10.1007/978-1-5041-2940-4_9},
  urldate = {2024-07-19},
  isbn = {978-1-5041-2940-4},
  langid = {english},
  keywords = {mathematical software,Numerical linear algebra,reference data,sparse matrices,test corpora,testing and evaluation,World Wide Web},
  file = {C:\Users\hirok\Zotero\storage\3XRBI77H\Boisvert et al. - 1997 - Matrix Market a web resource for test matrix coll.pdf}
}

@article{davidson1996drawing,
  title = {Drawing Graphs Nicely Using Simulated Annealing},
  author = {Davidson, Ron and Harel, David},
  year = {1996},
  journal = {ACM Transactions on Graphics (TOG)},
  volume = {15},
  number = {4},
  pages = {301--331},
  publisher = {ACM New York, NY, USA}
}

@article{davis2011university,
  title = {The {{University}} of {{Florida}} Sparse Matrix Collection},
  author = {Davis, Timothy A and Hu, Yifan},
  year = {2011},
  journal = {ACM Transactions on Mathematical Software (TOMS)},
  volume = {38},
  number = {1},
  pages = {1--25},
  publisher = {ACM New York, NY, USA}
}

@misc{fujiRandomizedSubspaceRegularized2022,
  title = {Randomized Subspace Regularized {{Newton}} Method for Unconstrained Non-Convex Optimization},
  author = {Fuji, Terunari and Poirion, Pierre-Louis and Takeda, Akiko},
  year = {2022},
  month = sep,
  number = {arXiv:2209.04170},
  eprint = {2209.04170},
  primaryclass = {math},
  publisher = {arXiv},
  doi = {10.48550/arXiv.2209.04170},
  urldate = {2024-06-13},
  archiveprefix = {arXiv},
  keywords = {Mathematics - Optimization and Control},
  file = {C\:\\Users\\hirok\\Zotero\\storage\\TBPTQG45\\Fuji et al. - 2022 - Randomized subspace regularized Newton method for .pdf;C\:\\Users\\hirok\\Zotero\\storage\\SSYWSZ44\\2209.html}
}

@incollection{gansnerGraphDrawingStress2005,
  title = {Graph {{Drawing}} by {{Stress Majorization}}},
  booktitle = {Graph {{Drawing}}},
  author = {Gansner, Emden R. and Koren, Yehuda and North, Stephen},
  editor = {Hutchison, David and Kanade, Takeo and Kittler, Josef and Kleinberg, Jon M. and Mattern, Friedemann and Mitchell, John C. and Naor, Moni and Nierstrasz, Oscar and Pandu Rangan, C. and Steffen, Bernhard and Sudan, Madhu and Terzopoulos, Demetri and Tygar, Dough and Vardi, Moshe Y. and Weikum, Gerhard and Pach, J{\'a}nos},
  year = {2005},
  volume = {3383},
  pages = {239--250},
  publisher = {Springer Berlin Heidelberg},
  address = {Berlin, Heidelberg},
  doi = {10.1007/978-3-540-31843-9_25},
  urldate = {2024-07-22},
  isbn = {978-3-540-24528-5 978-3-540-31843-9},
  langid = {english},
  file = {C:\Users\hirok\Zotero\storage\4PU6SR2S\GKN04.pdf}
}

@article{kamadaAlgorithmDrawingGeneral1989,
  title = {An Algorithm for Drawing General Undirected Graphs},
  author = {Kamada, Tomihisa and Kawai, Satoru},
  year = {1989},
  month = apr,
  journal = {Information Processing Letters},
  volume = {31},
  number = {1},
  pages = {7--15},
  issn = {0020-0190},
  doi = {10.1016/0020-0190(89)90102-6},
  urldate = {2024-07-22},
  keywords = {drawing algorithm,Graph,layout,network structure},
  file = {C:\Users\hirok\Zotero\storage\EDD2XCTD\0020019089901026.html}
}

@inproceedings{NEURIPS2019_bc6dc48b,
  title = {{{RSN}}: {{Randomized}} Subspace Newton},
  booktitle = {Advances in Neural Information Processing Systems},
  author = {Gower, Robert and Kovalev, Dmitry and Lieder, Felix and Richtarik, Peter},
  editor = {Wallach, H. and Larochelle, H. and Beygelzimer, A. and {dAlch{\'e}-Buc}, F. and Fox, E. and Garnett, R.},
  year = {2019},
  volume = {32},
  publisher = {Curran Associates, Inc.}
}
