@IEEEtranBSTCTL{IEEEexample:BSTcontrol,
CTLuse_forced_etal = "yes",
}