@article{14738716211060306,
  title = {Virtual-{{Reality}} Graph Visualization Based on {{Fruchterman-Reingold}} Using {{Unity}} and {{SteamVR}}},
  author = {Kortemeyer, Gerd},
  year = {2022},
  journal = {Information Visualization},
  volume = {21},
  number = {2},
  eprint = {https://doi.org/10.1177/14738716211060306},
  pages = {143--152},
  doi = {10.1177/14738716211060306},
  url = {https://doi.org/10.1177/14738716211060306}
}

@article{2020SciPy-NMeth,
  title = {{{SciPy}} 1.0: {{Fundamental}} Algorithms for Scientific Computing in Python},
  author = {Virtanen, Pauli and Gommers, Ralf and Oliphant, Travis E. and Haberland, Matt and Reddy, Tyler and Cournapeau, David and Burovski, Evgeni and Peterson, Pearu and Weckesser, Warren and Bright, Jonathan and {van der Walt}, St{\'e}fan J. and Brett, Matthew and Wilson, Joshua and Millman, K. Jarrod and Mayorov, Nikolay and Nelson, Andrew R. J. and Jones, Eric and Kern, Robert and Larson, Eric and Carey, C J and Polat, {\.I}lhan and Feng, Yu and Moore, Eric W. and VanderPlas, Jake and Laxalde, Denis and Perktold, Josef and Cimrman, Robert and Henriksen, Ian and Quintero, E. A. and Harris, Charles R. and Archibald, Anne M. and Ribeiro, Ant{\^o}nio H. and Pedregosa, Fabian and {van Mulbregt}, Paul and {SciPy 1.0 Contributors}},
  year = {2020},
  journal = {Nature Methods},
  volume = {17},
  pages = {261--272},
  doi = {10.1038/s41592-019-0686-2}
}

@inproceedings{6183577,
  title = {Numerical Optimization-Based Graph Drawing Revisited},
  booktitle = {2012 {{IEEE}} Pacific Visualization Symposium},
  author = {Hosobe, Hiroshi},
  year = {2012},
  pages = {81--88},
  doi = {10.1109/PacificVis.2012.6183577},
  keywords = {Computational modeling,Force,Memory management,Newton method,Numerical models,Optimization,Springs}
}

@article{8419285,
  title = {Graph Drawing by Stochastic Gradient Descent},
  author = {Zheng, Jonathan X. and Pawar, Samraat and Goodman, Dan F. M.},
  year = {2019},
  journal = {IEEE Transactions on Visualization and Computer Graphics},
  volume = {25},
  number = {9},
  pages = {2738--2748},
  doi = {10.1109/TVCG.2018.2859997},
  keywords = {Annealing,Approximation algorithms,constraints,Graph drawing,Layout,Mathematical model,multidimensional scaling,relaxation,Schedules,Standards,stochastic gradient descent,Stress}
}

@article{9477202,
  title = {{{fCoSE}}: A Fast Compound Graph Layout Algorithm with Constraint Support},
  author = {Balci, Hasan and Dogrusoz, Ugur},
  year = {2022},
  journal = {IEEE Transactions on Visualization and Computer Graphics},
  volume = {28},
  number = {12},
  pages = {4582--4593},
  doi = {10.1109/TVCG.2021.3095303},
  keywords = {compound graphs,constrained layout,Data visualization,graph layout,Heuristic algorithms,Information analysis,Information visualization,Layout,spectral graph drawing,Time complexity,visual analytics,Visual analytics}
}

@inproceedings{ahmedGraphDrawingGradient2020,
  booktitle = {Graph {{Drawing}} and {{Network Visualization}}},
  author = {Ahmed, Reyan and De Luca, Felice and Devkota, Sabin and Kobourov, Stephen and Li, Mingwei},
  editor = {Auber, David and Valtr, Pavel},
  year = {2020},
  pages = {3--17},
  publisher = {Springer International Publishing},
  doi = {10.1007/978-3-030-68766-3_1},
  isbn = {978-3-030-68766-3},
  langid = {english},
  file = {C:\Users\hirok\Zotero\storage\G43HFU9X\Ahmed et al. - 2020 - Graph Drawing via Gradient Descent, $$(GD)^2$$.pdf},
  title = {Graph {{Drawing}} via {{Gradient Descent}}, $(GD)^2$}
}

@article{ahmedMulticriteriaScalableGraph2022,
  author = {Ahmed, Reyan and De Luca, Felice and Devkota, Sabin and Kobourov, Stephen and Li, Mingwei},
  year = {2022},
  journal = {IEEE Transactions on Visualization and Computer Graphics},
  volume = {28},
  number = {6},
  pages = {2388--2399},
  issn = {1941-0506},
  doi = {10.1109/TVCG.2022.3155564},
  url = {https://ieeexplore.ieee.org/abstract/document/9723546?casa_token=sa4ubp87AgAAAAAA:iswm0PGiUimNXtI1dYW1UHbgZSwa-3S1N8VQ5R7iZUXjXP5gLu0uL8O7_Py5hLyN6Q9vPknd},
  urldate = {2024-09-02},
  keywords = {gradient descent,Graph drawing,Layout,Linear programming,Minimization,Optimization,quality metrics,Standards,Stress},
  file = {C:\Users\hirok\Zotero\storage\KGJ5UQZY\Ahmed et al. - 2022 - Multicriteria Scalable Graph Drawing via Stochasti.pdf},
  title = {Multicriteria {{Scalable Graph Drawing}} via {{Stochastic Gradient Descent}}, $(SGD)^2$}
}

@article{barnesHierarchicalLogForcecalculation1986,
  title = {A Hierarchical {{O}}({{N}} Log {{N}}) Force-Calculation Algorithm},
  author = {Barnes, Josh and Hut, Piet},
  year = {1986},
  journal = {Nature},
  volume = {324},
  number = {6096},
  pages = {446--449},
  publisher = {Nature Publishing Group},
  issn = {1476-4687},
  doi = {10.1038/324446a0},
  url = {https://www.nature.com/articles/324446a0},
  urldate = {2024-07-19},
  copyright = {1986 Springer Nature Limited},
  langid = {english},
  keywords = {Humanities and Social Sciences,multidisciplinary,Science},
  file = {C:\Users\hirok\Zotero\storage\DUAN9RQA\Barnes and Hut - 1986 - A hierarchical O(N log N) force-calculation algori.pdf}
}

@incollection{boisvertMatrixMarketWeb1997,
  title = {Matrix {{Market}}: A Web Resource for Test Matrix Collections},
  shorttitle = {Matrix {{Market}}},
  booktitle = {Quality of {{Numerical Software}}: {{Assessment}} and Enhancement},
  author = {Boisvert, Ronald F. and Pozo, Roldan and Remington, Karin and Barrett, Richard F. and Dongarra, Jack J.},
  editor = {Boisvert, Ronald F.},
  year = {1997},
  pages = {125--137},
  publisher = {Springer US},
  doi = {10.1007/978-1-5041-2940-4_9},
  url = {https://doi.org/10.1007/978-1-5041-2940-4_9},
  urldate = {2024-07-19},
  isbn = {978-1-5041-2940-4},
  langid = {english},
  keywords = {mathematical software,Numerical linear algebra,reference data,sparse matrices,test corpora,testing and evaluation,World Wide Web},
  file = {C:\Users\hirok\Zotero\storage\3XRBI77H\Boisvert et al. - 1997 - Matrix Market a web resource for test matrix coll.pdf}
}

@misc{cartisRandomisedSubspaceMethods2022,
  title = {Randomised Subspace Methods for Non-Convex Optimization, with Applications to Nonlinear Least-Squares},
  author = {Cartis, Coralia and Fowkes, Jaroslav and Shao, Zhen},
  year = {2022},
  number = {arXiv:2211.09873},
  eprint = {2211.09873},
  primaryclass = {math},
  publisher = {arXiv},
  doi = {10.48550/arXiv.2211.09873},
  url = {http://arxiv.org/abs/2211.09873},
  urldate = {2024-07-24},
  archiveprefix = {arXiv},
  keywords = {Mathematics - Optimization and Control},
  file = {C\:\\Users\\hirok\\Zotero\\storage\\UDF2LPHS\\Cartis et al. - 2022 - Randomised subspace methods for non-convex optimiz.pdf;C\:\\Users\\hirok\\Zotero\\storage\\RV5Y5IRT\\2211.html}
}

@inproceedings{cheongSnapshotVisualizationComplex2018,
  title = {Snapshot {{Visualization}} of {{Complex Graphs}} with {{Force-Directed Algorithms}}},
  booktitle = {2018 {{IEEE International Conference}} on {{Big Knowledge}} ({{ICBK}})},
  author = {Cheong, Se-Hang and Si, Yain-Whar},
  year = {2018},
  pages = {139--145},
  doi = {10.1109/ICBK.2018.00026},
  url = {https://ieeexplore.ieee.org/document/8588785/?arnumber=8588785},
  urldate = {2024-10-15},
  keywords = {Clustering algorithms,Data visualization,Gravity,Layout,Snapshot visualization Time-constrained execution Complex structured graphs Force-directed algorithms,Springs,Visualization},
  file = {C\:\\Users\\hirok\\Zotero\\storage\\R4E4Q743\\Cheong and Si - 2018 - Snapshot Visualization of Complex Graphs with Forc.pdf;C\:\\Users\\hirok\\Zotero\\storage\\F3I9TN9V\\8588785.html}
}

@article{chrobakLineartimeAlgorithmDrawing1995,
  title = {A Linear-Time Algorithm for Drawing a Planar Graph on a Grid},
  author = {Chrobak, M. and Payne, T. H.},
  year = {1995},
  journal = {Information Processing Letters},
  volume = {54},
  number = {4},
  pages = {241--246},
  issn = {0020-0190},
  doi = {10.1016/0020-0190(95)00020-D},
  url = {https://www.sciencedirect.com/science/article/pii/002001909500020D},
  urldate = {2024-09-03},
  keywords = {Algorithms},
  file = {C:\Users\hirok\Zotero\storage\JQJ5ERHY\002001909500020D.html}
}

@article{csardiIgraphSoftwarePackage2006,
  title = {The Igraph Software Package for Complex Network Research},
  author = {Csardi, Gabor and Nepusz, Tamas},
  year = {2006},
  journal = {InterJournal},
  volume = {Complex Systems},
  pages = {1695},
  url = {https://igraph.org}
}

@article{davidson1996drawing,
  title = {Drawing Graphs Nicely Using Simulated Annealing},
  author = {Davidson, Ron and Harel, David},
  year = {1996},
  journal = {ACM Transactions on Graphics (TOG)},
  volume = {15},
  number = {4},
  pages = {301--331},
  publisher = {ACM New York, NY, USA}
}

@article{davis2011university,
  title = {The {{University}} of {{Florida}} Sparse Matrix Collection},
  author = {Davis, Timothy A and Hu, Yifan},
  year = {2011},
  journal = {ACM Transactions on Mathematical Software (TOMS)},
  volume = {38},
  number = {1},
  pages = {1--25},
  publisher = {ACM New York, NY, USA}
}

@article{DOGRUSOZ2009980,
  title = {A Layout Algorithm for Undirected Compound Graphs},
  author = {Dogrusoz, Ugur and Giral, Erhan and Cetintas, Ahmet and Civril, Ali and Demir, Emek},
  year = {2009},
  journal = {Information Sciences},
  volume = {179},
  number = {7},
  pages = {980--994},
  issn = {0020-0255},
  doi = {10.1016/j.ins.2008.11.017},
  url = {https://www.sciencedirect.com/science/article/pii/S0020025508004799},
  keywords = {Bioinformatics,Compound graphs,Force-directed graph layout,Graph drawing,Information visualization}
}

@article{eades1984heuristic,
  title = {A Heuristic for Graph Drawing},
  author = {Eades, Peter},
  year = {1984},
  journal = {Congressus numerantium},
  volume = {42},
  number = {11},
  pages = {149--160}
}

@inproceedings{ellsonGraphvizOpenSource2002,
  title = {Graphviz--- {{Open Source Graph Drawing Tools}}},
  booktitle = {Graph {{Drawing}}},
  author = {Ellson, John and Gansner, Emden and Koutsofios, Lefteris and North, Stephen C. and Woodhull, Gordon},
  editor = {Mutzel, Petra and J{\"u}nger, Michael and Leipert, Sebastian},
  year = {2002},
  pages = {483--484},
  publisher = {Springer},
  doi = {10.1007/3-540-45848-4_57},
  isbn = {978-3-540-45848-7},
  langid = {english},
  file = {C:\Users\hirok\Zotero\storage\T4FUV3BX\Ellson et al. - 2002 - Graphviz— Open Source Graph Drawing Tools.pdf}
}

@article{fruchtermanGraphDrawingForcedirected1991,
  title = {Graph Drawing by Force-Directed Placement},
  author = {Fruchterman, Thomas M. J. and Reingold, Edward M.},
  year = {1991},
  journal = {Software: Practice and Experience},
  volume = {21},
  number = {11},
  pages = {1129--1164},
  issn = {1097-024X},
  doi = {10.1002/spe.4380211102},
  url = {https://onlinelibrary.wiley.com/doi/abs/10.1002/spe.4380211102},
  urldate = {2024-07-24},
  copyright = {Copyright {\copyright} 1991 John Wiley \& Sons, Ltd},
  langid = {english},
  keywords = {Force-directed placement,Graph drawing,Multi-level techniques,Simulated annealing},
  file = {C:\Users\hirok\Zotero\storage\GFSE9BYC\spe.html}
}

@misc{fujiRandomizedSubspaceRegularized2022,
  title = {Randomized Subspace Regularized {{Newton}} Method for Unconstrained Non-Convex Optimization},
  author = {Fuji, Terunari and Poirion, Pierre-Louis and Takeda, Akiko},
  year = {2022},
  number = {arXiv:2209.04170},
  eprint = {2209.04170},
  primaryclass = {math},
  publisher = {arXiv},
  doi = {10.48550/arXiv.2209.04170},
  url = {http://arxiv.org/abs/2209.04170},
  urldate = {2024-06-13},
  archiveprefix = {arXiv},
  keywords = {Mathematics - Optimization and Control},
  file = {C\:\\Users\\hirok\\Zotero\\storage\\TBPTQG45\\Fuji et al. - 2022 - Randomized subspace regularized Newton method for .pdf;C\:\\Users\\hirok\\Zotero\\storage\\SSYWSZ44\\2209.html}
}

@article{gajdosParallelFruchtermanReingold2016,
  title = {A Parallel {{Fruchterman}}--{{Reingold}} Algorithm Optimized for Fast Visualization of Large Graphs and Swarms of Data},
  author = {Gajdo{\v s}, Petr and Je{\v z}owicz, Tom{\'a}{\v s} and Uher, Vojt{\v e}ch and Dohn{\'a}lek, Pavel},
  year = {2016},
  journal = {Swarm and Evolutionary Computation},
  volume = {26},
  pages = {56--63},
  issn = {2210-6502},
  doi = {10.1016/j.swevo.2015.07.006},
  url = {https://www.sciencedirect.com/science/article/pii/S2210650215000644},
  urldate = {2024-07-24},
  keywords = {CUDA,Fast graph visualization,Fruchterman-Reingold,GPU,Graph layouts,Nearest neighbors},
  file = {C:\Users\hirok\Zotero\storage\7GVF7CLS\S2210650215000644.html}
}

@incollection{gansnerGraphDrawingStress2005,
  title = {Graph {{Drawing}} by {{Stress Majorization}}},
  booktitle = {Graph {{Drawing}}},
  author = {Gansner, Emden R. and Koren, Yehuda and North, Stephen},
  editor = {Hutchison, David and Kanade, Takeo and Kittler, Josef and Kleinberg, Jon M. and Mattern, Friedemann and Mitchell, John C. and Naor, Moni and Nierstrasz, Oscar and Pandu Rangan, C. and Steffen, Bernhard and Sudan, Madhu and Terzopoulos, Demetri and Tygar, Dough and Vardi, Moshe Y. and Weikum, Gerhard and Pach, J{\'a}nos},
  year = {2005},
  volume = {3383},
  pages = {239--250},
  publisher = {Springer Berlin Heidelberg},
  doi = {10.1007/978-3-540-31843-9_25},
  url = {http://link.springer.com/10.1007/978-3-540-31843-9_25},
  urldate = {2024-07-22},
  isbn = {978-3-540-24528-5 978-3-540-31843-9},
  langid = {english},
  file = {C:\Users\hirok\Zotero\storage\4PU6SR2S\GKN04.pdf}
}

@inproceedings{ghassemitoosiSimulatedAnnealingPreProcessing2016,
  title = {Simulated {{Annealing}} as a {{Pre-Processing Step}} for {{Force-Directed Graph Drawing}}},
  booktitle = {Proceedings of the 2016 on {{Genetic}} and {{Evolutionary Computation Conference Companion}}},
  author = {Ghassemi Toosi, Farshad and Nikolov, Nikola S. and Eaton, Malachy},
  year = {2016},
  series = {{{GECCO}} '16 {{Companion}}},
  pages = {997--1000},
  publisher = {Association for Computing Machinery},
  doi = {10.1145/2908961.2931660},
  url = {https://dl.acm.org/doi/10.1145/2908961.2931660},
  urldate = {2024-09-10},
  isbn = {978-1-4503-4323-7},
  file = {C:\Users\hirok\Zotero\storage\L6Q8MNGZ\Ghassemi Toosi et al. - 2016 - Simulated Annealing as a Pre-Processing Step for F.pdf}
}

@article{greengardFastAlgorithmParticle1987,
  title = {A Fast Algorithm for Particle Simulations},
  author = {Greengard, L and Rokhlin, V},
  year = {1987},
  journal = {Journal of Computational Physics},
  volume = {73},
  number = {2},
  pages = {325--348},
  issn = {0021-9991},
  doi = {10.1016/0021-9991(87)90140-9},
  url = {https://www.sciencedirect.com/science/article/pii/0021999187901409},
  urldate = {2024-07-24},
  file = {C:\Users\hirok\Zotero\storage\NN4JIHXP\0021999187901409.html}
}

@techreport{hagberg2008exploring,
  title = {Exploring Network Structure, Dynamics, and Function Using {{NetworkX}}},
  author = {Hagberg, Aric and Swart, Pieter J and Schult, Daniel A},
  year = {2008},
  institution = {Los Alamos National Laboratory (LANL), Los Alamos, NM (United States)}
}

@misc{higuchiFastConvergenceSecondOrder2024,
  title = {Fast {{Convergence}} to {{Second-Order Stationary Point}} through {{Random Subspace Optimization}}},
  author = {Higuchi, Rei and Poirion, Pierre-Louis and Takeda, Akiko},
  year = {2024},
  number = {arXiv:2406.14337},
  eprint = {2406.14337},
  primaryclass = {math},
  publisher = {arXiv},
  doi = {10.48550/arXiv.2406.14337},
  url = {http://arxiv.org/abs/2406.14337},
  urldate = {2024-07-24},
  archiveprefix = {arXiv},
  keywords = {90C06 90C26 90C30,Mathematics - Optimization and Control},
  file = {C\:\\Users\\hirok\\Zotero\\storage\\U3M7G37T\\Higuchi et al. - 2024 - Fast Convergence to Second-Order Stationary Point .pdf;C\:\\Users\\hirok\\Zotero\\storage\\REUWDATS\\2406.html}
}

@article{Hu2006EfficientHF,
  title = {Efficient, High-Quality Force-Directed Graph Drawing},
  author = {Hu, Yifan},
  year = {2006},
  journal = {The Mathematica journal},
  volume = {10},
  pages = {37--71},
  url = {https://api.semanticscholar.org/CorpusID:14599587}
}

@article{kamadaAlgorithmDrawingGeneral1989,
  title = {An Algorithm for Drawing General Undirected Graphs},
  author = {Kamada, Tomihisa and Kawai, Satoru},
  year = {1989},
  journal = {Information Processing Letters},
  volume = {31},
  number = {1},
  pages = {7--15},
  issn = {0020-0190},
  doi = {10.1016/0020-0190(89)90102-6},
  url = {https://www.sciencedirect.com/science/article/pii/0020019089901026},
  urldate = {2024-07-22},
  keywords = {drawing algorithm,Graph,layout,network structure},
  file = {C:\Users\hirok\Zotero\storage\EDD2XCTD\0020019089901026.html}
}

@misc{karimireddyGlobalLinearConvergence2018,
  title = {Global Linear Convergence of {{Newton}}'s Method without Strong-Convexity or {{Lipschitz}} Gradients},
  author = {Karimireddy, Sai Praneeth and Stich, Sebastian U. and Jaggi, Martin},
  year = {2018},
  number = {arXiv:1806.00413},
  eprint = {1806.00413},
  primaryclass = {cs, math, stat},
  publisher = {arXiv},
  doi = {10.48550/arXiv.1806.00413},
  url = {http://arxiv.org/abs/1806.00413},
  urldate = {2024-06-13},
  archiveprefix = {arXiv},
  keywords = {90C25 68Q25,Computer Science - Machine Learning,G.1.6,Mathematics - Optimization and Control,Statistics - Machine Learning},
  file = {C\:\\Users\\hirok\\Zotero\\storage\\M7IHV2IS\\Karimireddy et al. - 2018 - Global linear convergence of Newton's method witho.pdf;C\:\\Users\\hirok\\Zotero\\storage\\QKVDAHYF\\1806.html}
}

@inproceedings{khanManyobjectiveEvolutionaryAlgorithm2024,
  title = {A {{Many-objective Evolutionary Algorithm Approach}} for {{Graph Visualization}}},
  booktitle = {2024 {{IEEE International Systems Conference}} ({{SysCon}})},
  author = {Khan, Burhan and Johnstone, Michael and Creighton, Douglas},
  year = {2024},
  pages = {1--7},
  issn = {2472-9647},
  doi = {10.1109/SysCon61195.2024.10553494},
  url = {https://ieeexplore.ieee.org/document/10553494},
  urldate = {2024-09-10},
  keywords = {Aesthetics,Causal-loop Diagram,Complexity theory,Evolutionary computation,Evolutionary Computation,Graph Layout,Layout,Many-Objective,Measurement,Multi-Objective,Obesity,Optimization,Task analysis,Visualization},
  file = {C\:\\Users\\hirok\\Zotero\\storage\\DKEAL2I8\\Khan et al. - 2024 - A Many-objective Evolutionary Algorithm Approach f.pdf;C\:\\Users\\hirok\\Zotero\\storage\\S46C3HI4\\10553494.html}
}

@misc{klusContinuousOptimizationMethods2023,
  title = {Continuous Optimization Methods for the Graph Isomorphism Problem},
  author = {Klus, Stefan and Gel{\ss}, Patrick},
  year = {2023},
  number = {arXiv:2311.16912},
  eprint = {2311.16912},
  primaryclass = {cs},
  publisher = {arXiv},
  doi = {10.48550/arXiv.2311.16912},
  url = {http://arxiv.org/abs/2311.16912},
  urldate = {2024-09-03},
  archiveprefix = {arXiv},
  keywords = {Computer Science - Data Structures and Algorithms,Computer Science - Discrete Mathematics},
  file = {C\:\\Users\\hirok\\Zotero\\storage\\RJD7F6EZ\\Klus and Gelß - 2023 - Continuous optimization methods for the graph isom.pdf;C\:\\Users\\hirok\\Zotero\\storage\\W5LUSF8A\\2311.html}
}

@misc{kobourovSpringEmbeddersForce2012,
  title = {Spring {{Embedders}} and {{Force Directed Graph Drawing Algorithms}}},
  author = {Kobourov, Stephen G.},
  year = {2012},
  number = {arXiv:1201.3011},
  eprint = {1201.3011},
  publisher = {arXiv},
  doi = {10.48550/arXiv.1201.3011},
  url = {http://arxiv.org/abs/1201.3011},
  urldate = {2024-10-15},
  archiveprefix = {arXiv},
  keywords = {Computer Science - Computational Geometry,Computer Science - Data Structures and Algorithms,Computer Science - Discrete Mathematics},
  file = {C\:\\Users\\hirok\\Zotero\\storage\\KTM7GSCJ\\Kobourov - 2012 - Spring Embedders and Force Directed Graph Drawing .pdf;C\:\\Users\\hirok\\Zotero\\storage\\Z22S8YMR\\1201.html}
}

@article{liuLimitedMemoryBFGS1989,
  title = {On the Limited Memory {{BFGS}} Method for Large Scale Optimization},
  author = {Liu, Dong C. and Nocedal, Jorge},
  year = {1989},
  journal = {Mathematical Programming},
  volume = {45},
  number = {1},
  pages = {503--528},
  issn = {1436-4646},
  doi = {10.1007/BF01589116},
  url = {https://doi.org/10.1007/BF01589116},
  urldate = {2024-10-15},
  langid = {english},
  keywords = {conjugate gradient method,Large scale nonlinear optimization,limited memory methods,partitioned quasi-Newton method},
  file = {C:\Users\hirok\Zotero\storage\U9ZCJ63W\Liu and Nocedal - 1989 - On the limited memory BFGS method for large scale .pdf}
}

@article{nesterovCubicRegularizationNewton2006,
  title = {Cubic Regularization of {{Newton}} Method and Its Global Performance},
  author = {Nesterov, Yurii and Polyak, B.T.},
  year = {2006},
  journal = {Mathematical Programming},
  volume = {108},
  number = {1},
  pages = {177--205},
  issn = {1436-4646},
  doi = {10.1007/s10107-006-0706-8},
  url = {https://doi.org/10.1007/s10107-006-0706-8},
  urldate = {2024-10-23},
  langid = {english},
  keywords = {49M15,49M37,58C15,90C25,90C30,General nonlinear optimization,Global complexity bounds,Global rate of convergence,Newton method,Trust-region methods,Unconstrained optimization},
  file = {C:\Users\hirok\Zotero\storage\FHWZP5WZ\Nesterov and Polyak - 2006 - Cubic regularization of Newton method and its glob.pdf}
}

@inproceedings{NEURIPS2019_bc6dc48b,
  title = {{{RSN}}: {{Randomized}} Subspace Newton},
  booktitle = {Advances in Neural Information Processing Systems},
  author = {Gower, Robert and Kovalev, Dmitry and Lieder, Felix and Richtarik, Peter},
  editor = {Wallach, H. and Larochelle, H. and Beygelzimer, A. and {dAlch{\'e}-Buc}, F. and Fox, E. and Garnett, R.},
  year = {2019},
  volume = {32},
  publisher = {Curran Associates, Inc.},
  url = {https://proceedings.neurips.cc/paper_files/paper/2019/file/bc6dc48b743dc5d013b1abaebd2faed2-Paper.pdf}
}

@inproceedings{nitinUntangledMeshesFruchterman2012,
  title = {On {{Untangled Meshes}} via {{Fruchterman Reingold Force Directed Graph Embedding}}},
  booktitle = {2012 {{UKSim}} 14th {{International Conference}} on {{Computer Modelling}} and {{Simulation}}},
  author = {{Nitin}},
  year = {2012},
  pages = {39--45},
  doi = {10.1109/UKSim.2012.15},
  url = {https://ieeexplore.ieee.org/document/6205548},
  urldate = {2024-09-10},
  keywords = {Finite element methods,Force,Force-directed approach,Graph embedding,Lakes,Layout,Mesh untangling,Partial differential equations,Shape,Smoothing methods},
  file = {C\:\\Users\\hirok\\Zotero\\storage\\HK73J67U\\Nitin - 2012 - On Untangled Meshes via Fruchterman Reingold Force.pdf;C\:\\Users\\hirok\\Zotero\\storage\\JAYBRMGW\\6205548.html}
}

@misc{nozawaRandomizedSubspaceGradient2023,
  title = {Randomized Subspace Gradient Method for Constrained Optimization},
  author = {Nozawa, Ryota and Poirion, Pierre-Louis and Takeda, Akiko},
  year = {2023},
  number = {arXiv:2307.03335},
  eprint = {2307.03335},
  publisher = {arXiv},
  doi = {10.48550/arXiv.2307.03335},
  url = {http://arxiv.org/abs/2307.03335},
  urldate = {2024-10-22},
  archiveprefix = {arXiv},
  keywords = {Mathematics - Optimization and Control},
  file = {C\:\\Users\\hirok\\Zotero\\storage\\7QS7MVJ2\\Nozawa et al. - 2023 - Randomized subspace gradient method for constraine.pdf;C\:\\Users\\hirok\\Zotero\\storage\\QNJU5SF9\\2307.html}
}

@misc{okazakiChokkanLiblbfgs2024,
  title = {Chokkan/Liblbfgs},
  author = {Okazaki, Naoaki},
  year = {2024},
  url = {https://github.com/chokkan/liblbfgs},
  urldate = {2024-10-11},
  copyright = {MIT}
}

@techreport{patelHexagonalGrids2013,
  title = {Hexagonal {{Grids}}},
  author = {Patel, Amit J.},
  year = {2013},
  institution = {Red Blob Games},
  url = {https://www.redblobgames.com/grids/hexagons/},
  urldate = {2024-10-12},
  langid = {english},
  file = {C:\Users\hirok\Zotero\storage\SCP3BS5G\hexagons.html}
}

@misc{qiuYixuanLBFGSpp2024,
  title = {Yixuan/{{LBFGSpp}}},
  author = {Qiu, Yixuan},
  year = {2024},
  url = {https://github.com/yixuan/LBFGSpp},
  urldate = {2024-10-11},
  copyright = {MIT},
  keywords = {l-bfgs,l-bfgs-b,lbfgs-solver,lbfgsb-solver,limited-memory,optimization}
}

@misc{recht-wright,
  title = {Optimization for Modern Data Analysis},
  author = {Recht, Benjamin and J. Wright, Stephen},
  year = {2019},
  url = {https://people.eecs.berkeley.edu/~brecht/opt4ml_book/}
}

@article{s22145179,
  title = {Fruchterman--Reingold Hexagon Empowered Node Deployment in Wireless Sensor Network Application},
  author = {Li, Jiahao and Tao, Yuhao and Yuan, Kai and Tang, Rongxin and Hu, Zhiming and Yan, Weichao and Liu, Shiyun},
  year = {2022},
  journal = {Sensors},
  volume = {22},
  number = {5179},
  issn = {1424-8220},
  doi = {10.3390/s22145179},
  url = {https://www.mdpi.com/1424-8220/22/14/5179},
  pubmedid = {35890858}
}

@article{sugiyamaMethodsVisualUnderstanding1981,
  title = {Methods for {{Visual Understanding}} of {{Hierarchical System Structures}}},
  author = {Sugiyama, Kozo and Tagawa, Shojiro and Toda, Mitsuhiko},
  year = {1981},
  journal = {IEEE Transactions on Systems, Man, and Cybernetics},
  volume = {11},
  number = {2},
  pages = {109--125},
  issn = {2168-2909},
  doi = {10.1109/TSMC.1981.4308636},
  url = {https://ieeexplore-ieee-org.utokyo.idm.oclc.org/document/4308636},
  urldate = {2024-07-28},
  keywords = {Computer displays,Constraint theory,Engineering drawings,Flowcharts,Hierarchical systems,Image recognition,Information science,Processor scheduling,Programming,Testing},
  file = {C\:\\Users\\hirok\\Zotero\\storage\\AYIKWI4K\\Sugiyama et al. - 1981 - Methods for Visual Understanding of Hierarchical S.pdf;C\:\\Users\\hirok\\Zotero\\storage\\3DYKLH8G\\4308636.html}
}

@phdthesis{tunkelang1999numerical,
  title = {A Numerical Optimization Approach to General Graph Drawing},
  author = {Tunkelang, Daniel},
  year = {1999},
  school = {Carnegie Mellon University}
}

@article{tutteHowDrawGraph1963,
  title = {How to {{Draw}} a {{Graph}}},
  author = {Tutte, W. T.},
  year = {1963},
  journal = {Proceedings of the London Mathematical Society},
  volume = {s3-13},
  number = {1},
  pages = {743--767},
  issn = {1460-244X},
  doi = {10.1112/plms/s3-13.1.743},
  url = {https://onlinelibrary.wiley.com/doi/abs/10.1112/plms/s3-13.1.743},
  urldate = {2024-07-28},
  copyright = {{\copyright} 1963 London Mathematical Society},
  langid = {english},
  file = {C:\Users\hirok\Zotero\storage\T2NWP8YP\s3-13.1.html}
}

@inproceedings{zaslavskiyManytoManyGraphMatching2010,
  title = {Many-to-{{Many Graph Matching}}: {{A Continuous Relaxation Approach}}},
  shorttitle = {Many-to-{{Many Graph Matching}}},
  booktitle = {Machine {{Learning}} and {{Knowledge Discovery}} in {{Databases}}},
  author = {Zaslavskiy, Mikhail and Bach, Francis and Vert, Jean-Philippe},
  editor = {Balc{\'a}zar, Jos{\'e} Luis and Bonchi, Francesco and Gionis, Aristides and Sebag, Mich{\`e}le},
  year = {2010},
  pages = {515--530},
  publisher = {Springer},
  doi = {10.1007/978-3-642-15939-8_33},
  isbn = {978-3-642-15939-8},
  langid = {english},
  keywords = {Chinese Character,Continuous Relaxation,Discrete Optimization Problem,Graph Match,Vertex Label},
  file = {C:\Users\hirok\Zotero\storage\QH679DNK\Zaslavskiy et al. - 2010 - Many-to-Many Graph Matching A Continuous Relaxati.pdf}
}
